

@article{Hou2007Saliency,
  title={Saliency Detection: A Spectral Residual Approach},
  author={Hou, Xiaodi and Zhang, Liqing},
  booktitle={2007 IEEE Computer Society Conference on Computer Vision and Pattern Recognition (CVPR 2007), 18-23 June 2007, Minneapolis, Minnesota, USA},
  year={2007},
}


@article{GofermanContext,
  title={Context-Aware Saliency Detection},
  author={Goferman, Stas and Zelnik-Manor, Lihi and Tal, Ayellet},
  journal={IEEE Trans Pattern Anal Mach Intell},
  volume={34},
  number={10},
  pages={1915-1926},
}

